@article{survey,
   author = {Barbara Kordy and Ludovic Pi\`{e}tre-Cambac\'{e}d\`{e}s and 
Patrick Schweitzer},
   title = {{DAG-Based Attack and Defense Modeling: Don't Miss the 
Forest for the Attack Trees}},
     journal ={Computer Science Review},
     note ={{DOI}: 10.1016/j.cosrev.2014.07.001},
     year = {2014},
}

@INPROCEEDINGS{ADTool,
   author = {Barbara Kordy and Piotr Kordy and Sjouke Mauw and Patrick 
Schweitzer},
   title = {{ADTool: Security Analysis with Attack--Defense Trees}},
   booktitle = {QEST},
     editor = {Kaustubh R. Joshi and
                Markus Siegle and
                Mari{\"e}lle Stoelinga and
                Pedro R. D'Argenio},
   year = {2013},
   volume = {8054},
   series = {LNCS},
   pages = {173-176},
   publisher = {Springer},
     ee        = {http://dx.doi.org/10.1007/978-3-642-40196-1_15},
}


@article{JLC,
author = {Barbara Kordy and Sjouke Mauw and Sa\v{s}a Radomirovi\'c and 
Patrick Schweitzer},
title = {Attack--defense trees},
volume = {24},
number = {1},
pages = {55-87},
year = {2014},
doi = {10.1093/logcom/exs029},
note = {Available at 
\url{http://logcom.oxfordjournals.org/content/24/1/55.full.pdf+html}},
journal = {Journal of Logic and Computation}
}

@misc{pre_etude,
   author = {vos noms sous la forme: prenom nom and prenom nom and ...},
   title = {{Titre de votre rapport de pre-eture}},
      year = {2014},
   note = {Rapport de pr\'{e}-\'{e}tude, projet de quatrième année, INSA de Rennes},
}

@misc{spec_fonc,
   author = {vos noms sous la forme: prenom nom and prenom nom and ...},
   title = {{Titre de votre rapport de spec. fonc.}},
      year = {2014},
   note = {Rapport de sp\'{e}cification fonctionnelle, projet de quatrième année, INSA de Rennes},
}

@misc{planif,
   author = {vos noms sous la forme: prenom nom and prenom nom and ...},
   title = {{Titre de votre rapport de spec. fonc.}},
      year = {2014},
   note = {Rapport de planification, projet de quatrième année, INSA de Rennes},
}
 @book{vikingCulture,
     author    = "Andy Orchard",
     title     = "Dictionary of Norse Myth and Legend",
     publisher = "Cassell",
     year      = "1997"
      }