@article{Apte2010,
author = {Apte, R and Hu, L and Schwan, K and Ghosh, A},
file = {:Users/hiro/Library/Application Support/Mendeley Desktop/Downloaded/Apte et al. - 2010 - Look who's talking discovering dependencies between virtual machines using CPU utilization.pdf:pdf},
journal = {2nd USENIX conference on Hot topics in cloud computing (HotCloud'10)},
title = {{Look who's talking: discovering dependencies between virtual machines using CPU utilization}},
url = {http://www.usenix.org/event/hotcloud10/tech/full\_papers/Apte.pdf},
year = {2010}
}
@article{Do2011,
author = {Do, Anh Vu and Chen, Junliang and Wang, Chen and Lee, Young Choon and Zomaya, Albert Y. and Zhou, Bing Bing},
doi = {10.1109/CLOUD.2011.75},
file = {:Users/hiro/Library/Application Support/Mendeley Desktop/Downloaded/Do et al. - 2011 - Profiling Applications for Virtual Machine Placement in Clouds.pdf:pdf},
isbn = {978-1-4577-0836-7},
journal = {2011 IEEE 4th International Conference on Cloud Computing},
keywords = {-cloud computing,application profile,canonical,correlation analysis,resource utilization},
month = jul,
pages = {660--667},
publisher = {Ieee},
title = {{Profiling Applications for Virtual Machine Placement in Clouds}},
url = {http://ieeexplore.ieee.org/lpdocs/epic03/wrapper.htm?arnumber=6008768},
year = {2011}
}
@article{Breitbart2004,
author = {Breitbart, Yuri and Garofalakis, Minos and Jai, B. and Martin, Cliff and Rastogi, Rajeev and Silberschatz, Avi},
doi = {10.1109/TNET.2004.828963},
file = {:Users/hiro/Library/Application Support/Mendeley Desktop/Downloaded/Breitbart et al. - 2004 - Topology Discovery in Heterogeneous IP Networks The NetInventory System.pdf:pdf},
issn = {1063-6692},
journal = {IEEE/ACM Transactions on Networking},
month = jun,
number = {3},
pages = {401--414},
title = {{Topology Discovery in Heterogeneous IP Networks: The NetInventory System}},
url = {http://ieeexplore.ieee.org/lpdocs/epic03/wrapper.htm?arnumber=1306489},
volume = {12},
year = {2004}
}
@misc{httperf,
howpublished = {http://www.hpl.hp.com/research/linux/httperf/},
title = {httperf}
}
@inproceedings{Golab2003,
address = {New York, New York, USA},
author = {Golab, Lukasz and DeHaan, David and Demaine, Erik D. and Lopez-Ortiz, Alejandro and Munro, J. Ian},
booktitle = {Proceedings of the 2003 ACM SIGCOMM conference on Internet measurement - IMC '03},
keywords = {frequent item queries,internet traffic monitoring,on-line stream analysis,sliding windows},
month = oct,
pages = {173},
publisher = {ACM Press},
title = {{Identifying frequent items in sliding windows over on-line packet streams}},
url = {http://dl.acm.org/citation.cfm?id=948205.948227},
year = {2003}
}
@inproceedings{Amza2002,
author = {Amza, Cristiana and Anupam, C and Cox, Alan L and Elnikety, Sameh and Gil, Romer and Rajamani, Karthick and Cecchet, Emmanuel and Marguerite, Julie and Rhbne-alpes, Inria},
booktitle = {2002 IEEE International Workshop on Workload Characterization},
doi = {10.1109/WWC.2002.1226489},
file = {:Users/hiro/Library/Application Support/Mendeley Desktop/Downloaded/Amza et al. - 2002 - Specification and implementation of dynamic Web site benchmarks.pdf:pdf},
pages = {3--13},
publisher = {IEEE},
title = {{Specification and implementation of dynamic Web site benchmarks}},
url = {http://ieeexplore.ieee.org/lpdocs/epic03/wrapper.htm?arnumber=1226489},
year = {2002}
}
@inproceedings{Tak2009,
author = {Tak, Byung Chul and Tang, Chunqiang and Zhang, Chun and Govindan, Sriram and Urgaonkar, Bhuvan and Chang, Rong N.},
booktitle = {Proceedings of the 2009 conference on USENIX Annual technical conference},
file = {:Users/hiro/Library/Application Support/Mendeley Desktop/Downloaded/Tak et al. - 2009 - vPath precise discovery of request processing paths from black-box observations of thread and network activities.pdf:pdf},
month = jun,
publisher = {USENIX Association},
title = {{vPath: precise discovery of request processing paths from black-box observations of thread and network activities}},
url = {http://dl.acm.org/citation.cfm?id=1855807.1855826},
year = {2009}
}