@INPROCEEDINGS{ADTool,
   author = {Barbara Kordy and Piotr Kordy and Sjouke Mauw and Patrick 
Schweitzer},
   title = {{ADTool: Security Analysis with Attack--Defense Trees}},
   booktitle = {QEST},
     editor = {Kaustubh R. Joshi and
                Markus Siegle and
                Mari{\"e}lle Stoelinga and
                Pedro R. D'Argenio},
   year = {2013},
   volume = {8054},
   series = {LNCS},
   pages = {173-176},
   publisher = {Springer},
     ee        = {http://dx.doi.org/10.1007/978-3-642-40196-1_15},
}

@article{ADTrees,
   author  = {Barbara Kordy and Sjouke Mauw and Sa\v{s}a Radomirovi\'{c}
         and Patrick Schweitzer},
   title   = {{Attack--Defense Trees}},
   journal = {Journal of Logic and Computation},
   volume  = {24},
   number  = {1},
   pages   = {55-87},
   year    = {2014},
   doi     = {10.1093/logcom/exs029},
     publisher = {Oxford Journals},
}

@MISC{ADTool_Manual,
   author = {Piotr Kordy and Patrick Schweitzer},
   title = {{The ADTool Manual}},
   misc = {\url{http://satoss.uni.lu/software/adtool/manual.pdf}},
   howpublished = {\url{http://satoss.uni.lu/software/adtool/manual.pdf}},
   year = {2012},
}