@INPROCEEDINGS{ADTool,
   author = {Barbara Kordy and Piotr Kordy and Sjouke Mauw and Patrick 
Schweitzer},
   title = {{ADTool: Security Analysis with Attack--Defense Trees}},
   booktitle = {QEST},
     editor = {Kaustubh R. Joshi and
                Markus Siegle and
                Mari{\"e}lle Stoelinga and
                Pedro R. D'Argenio},
   year = {2013},
   volume = {8054},
   series = {LNCS},
   pages = {173-176},
   publisher = {Springer},
     ee        = {http://dx.doi.org/10.1007/978-3-642-40196-1_15},
}


@misc{pre_etude,
   author = {Pierre-Marie Airiau and Valentin Esmieu and Hoel Kervadec and Maud Leray and Florent Mallard and Corentin Nicole},
   title = {{Rapport de pr\'{e}-\'{e}tude}},
   month = {octobre},
      year = {2014},
   note = {Rapport de pr\'{e}-\'{e}tude, projet de quatrième ann\'{e}e, INSA de Rennes},
}

@misc{spec_fonc,
   author = {Pierre-Marie Airiau and Valentin Esmieu and Hoel Kervadec and Maud Leray and Florent Mallard and Corentin Nicole},
   title = {{Glasir - Rapport de sp\'{e}cifications fonctionnelles}},
   month = {novembre},
      year = {2014},
   note = {Rapport de sp\'{e}cifications fonctionnelles, projet de quatrième ann\'{e}e, INSA de Rennes},
}

@misc{planif,
   author = {Pierre-Marie Airiau and Valentin Esmieu and Hoel Kervadec and Maud Leray and Florent Mallard and Corentin Nicole},
   title = {{Glasir - Rapport de planification}},
   month = {décembre},
      year = {2014},
   note = {Rapport de sp\'{e}cification fonctionnelle, projet de quatrième ann\'{e}e, INSA de Rennes},
}

@misc{conception,
   author = {Pierre-Marie Airiau and Valentin Esmieu and Maud Leray},
   title = {{Glasir - Rapport de conception}},
   month = {février},
      year = {2015},
   note = {Rapport de conception logicielle, projet de quatrième ann\'{e}e, INSA de Rennes},
}

@misc{rapportFinal,
   author = {Pierre-Marie Airiau and Valentin Esmieu and Maud Leray},
   title = {{Glasir - Rapport final}},
   month = {mai},
      year = {2015},
   note = {Rapport final de projet, projet de quatrième ann\'{e}e, INSA de Rennes},
}