



@misc{stmichel,
  author = {Maryse Burgot},
  title = {{Explosion station Saint Michel, début journal}},
  howpublished = "http://www.ina.fr/video/CAB95041650/explosion-station-saint-michel-generique-debut-journal-video.html",
  year = {1995}, 
  note = "[Online; accessed 09-10-2014]"
  }



@misc{london_attacks,
  author = {BBC},
  title = {{In deph - London attacks}},
  howpublished = "http://news.bbc.co.uk/2/shared/spl/hi/uk/05/",
  year = {2005}, 
  note = "[Online; accessed 09-10-2014]"
  }

 
% http://news.bbc.co.uk/2/hi/in_depth/uk/2005/london_explosions/default.stm

% PROBLEM WITH UNDERSCORE !!! FAIL COMPILATION. Someone can solve this shit? thx.


@misc{tubeApril,
  author = {Transport for London},
  title = {{50\% of Tube services operating despite RMT strike}},
  howpublished = "https://www.tfl.gov.uk/info-for/media/press-releases/2014/april/50-of-tube-services-operating-despite-rmt-strike",
  year = {2014}, 
  note = "[Online; accessed 09-10-2014]"
  }


@misc{SFbart,
  author = {La presse.ca},
  title = {{San Francisco paralysée par une grève des transports}},
  howpublished = "http://affaires.lapresse.ca/economie/transports/201310/18/01-4701188-san-francisco-paralysee-par-une-greve-des-transports.php",
  year = {2014}, 
  note = "[Online; accessed 09-10-2014]"
  }
